{"channel":"market_trades","client_id":"","timestamp":"2025-10-27T16:44:40.175203666Z","sequence_num":0,"events":[{"type":"snapshot","trades":[{"product_id":"BTC-USD","trade_id":"892262231","price":"115445.28","size":"0.00015604","time":"2025-10-27T16:44:39.600153Z","side":"BUY"},{"product_id":"BTC-USD","trade_id":"892262230","price":"115446.31","size":"0.01786716","time":"2025-10-27T16:44:39.600153Z","side":"BUY"},{"product_id":"BTC-USD","trade_id":"892262229","price":"115446.42","size":"0.00008663","time":"2025-10-27T16:44:39.600153Z","side":"BUY"},{"product_id":"BTC-USD","trade_id":"892262228","price":"115446.42","size":"0.00000718","time":"2025-10-27T16:44:39.600153Z","side":"BUY"},{"product_id":"BTC-USD","trade_id":"892262227","price":"115446.43","size":"0.00001657","time":"2025-10-27T16:44:39.200174Z","side":"SELL"},{"product_id":"BTC-USD","trade_id":"892262226","price":"115446.43","size":"0.00085754","time":"2025-10-27T16:44:39.079883Z","side":"SELL"},{"product_id":"BTC-USD","trade_id":"892262225","price":"115446.43","size":"0.00042088","time":"2025-10-27T16:44:38.797777Z","side":"SELL"},{"product_id":"BTC-USD","trade_id":"892262224","price":"115446.42","size":"0.00006027","time":"2025-10-27T16:44:38.796711Z","side":"BUY"},{"product_id":"BTC-USD","trade_id":"892262223","price":"115446.43","size":"0.00180707","time":"2025-10-27T16:44:38.740161Z","side":"SELL"},{"product_id":"BTC-USD","trade_id":"892262222","price":"115446.43","size":"0.00022712","time":"2025-10-27T16:44:37.836892Z","side":"SELL"},{"product_id":"BTC-USD","trade_id":"892262221","price":"115446.43","size":"0.00000026","time":"2025-10-27T16:44:35.90463Z","side":"SELL"},{"product_id":"BTC-USD","trade_id":"892262220","price":"115446.43","size":"0.00021039","time":"2025-10-27T16:44:32.593338Z","side":"SELL"},{"product_id":"BTC-USD","trade_id":"892262219","price":"115448.58","size":"0.00001","time":"2025-10-27T16:44:32.295147Z","side":"BUY"},{"product_id":"BTC-USD","trade_id":"892262218","price":"115450","size":"3","time":"2025-10-27T16:44:32.295147Z","side":"BUY"},{"product_id":"BTC-USD","trade_id":"892262217","price":"115450.8","size":"0.09707522","time":"2025-10-27T16:44:32.295147Z","side":"BUY"},{"product_id":"BTC-USD","trade_id":"892262216","price":"115450.81","size":"0.00008662","time":"2025-10-27T16:44:32.295147Z","side":"BUY"},{"product_id":"BTC-USD","trade_id":"892262215","price":"115454.75","size":"0.00322736","time":"2025-10-27T16:44:32.295147Z","side":"BUY"},{"product_id":"BTC-USD","trade_id":"892262214","price":"115454.76","size":"0.00001","time":"2025-10-27T16:44:32.295147Z","side":"BUY"},{"product_id":"BTC-USD","trade_id":"892262213","price":"115455","size":"0.00018","time":"2025-10-27T16:44:32.295147Z","side":"BUY"},{"product_id":"BTC-USD","trade_id":"892262212","price":"115455.01","size":"0.00773","time":"2025-10-27T16:44:31.465254Z","side":"SELL"},{"product_id":"BTC-USD","trade_id":"892262211","price":"115457.33","size":"0.00086603","time":"2025-10-27T16:44:31.3438Z","side":"BUY"},{"product_id":"BTC-USD","trade_id":"892262210","price":"115457.7","size":"0.05748046","time":"2025-10-27T16:44:31.3438Z","side":"BUY"},{"product_id":"BTC-USD","trade_id":"892262209","price":"115457.7","size":"0.00075","time":"2025-10-27T16:44:31.342741Z","side":"BUY"},{"product_id":"BTC-USD","trade_id":"892262208","price":"115458.01","size":"0.00018","time":"2025-10-27T16:44:31.327959Z","side":"BUY"},{"product_id":"BTC-USD","trade_id":"892262207","price":"115460","size":"0.00170516","time":"2025-10-27T16:44:31.327959Z","side":"BUY"},{"product_id":"BTC-USD","trade_id":"892262206","price":"115460.94","size":"0.02174602","time":"2025-10-27T16:44:31.327959Z","side":"BUY"},{"product_id":"BTC-USD","trade_id":"892262205","price":"115460.94","size":"0.02164344","time":"2025-10-27T16:44:31.327959Z","side":"BUY"},{"product_id":"BTC-USD","trade_id":"892262204","price":"115460.94","size":"0.00008661","time":"2025-10-27T16:44:31.327959Z","side":"BUY"},{"product_id":"BTC-USD","trade_id":"892262203","price":"115460.94","size":"0.00001","time":"2025-10-27T16:44:31.327959Z","side":"BUY"},{"product_id":"BTC-USD","trade_id":"892262202","price":"115460.94","size":"0.00000597","time":"2025-10-27T16:44:31.327959Z","side":"BUY"},{"product_id":"BTC-USD","trade_id":"892262201","price":"115474","size":"0.01360658","time":"2025-10-27T16:44:30.644745Z","side":"BUY"},{"product_id":"BTC-USD","trade_id":"892262200","price":"115474.01","size":"0.00886818","time":"2025-10-27T16:44:30.644745Z","side":"BUY"},{"product_id":"BTC-USD","trade_id":"892262199","price":"115475.14","size":"0.00013156","time":"2025-10-27T16:44:30.644091Z","side":"BUY"},{"product_id":"BTC-USD","trade_id":"892262198","price":"115475.14","size":"0.00002204","time":"2025-10-27T16:44:30.644091Z","side":"BUY"},{"product_id":"BTC-USD","trade_id":"892262197","price":"115475.14","size":"0.0000866","time":"2025-10-27T16:44:30.644091Z","side":"BUY"},{"product_id":"BTC-USD","trade_id":"892262196","price":"115475.15","size":"0.00041066","time":"2025-10-27T16:44:29.866916Z","side":"SELL"},{"product_id":"BTC-USD","trade_id":"892262195","price":"115475.15","size":"0.0000493","time":"2025-10-27T16:44:29.119305Z","side":"SELL"},{"product_id":"BTC-USD","trade_id":"892262194","price":"115475.15","size":"0.0002272","time":"2025-10-27T16:44:28.952594Z","side":"SELL"},{"product_id":"BTC-USD","trade_id":"892262193","price":"115475.15","size":"0.00041066","time":"2025-10-27T16:44:28.221581Z","side":"SELL"},{"product_id":"BTC-USD","trade_id":"892262192","price":"115475.15","size":"0.00020115","time":"2025-10-27T16:44:27.863753Z","side":"SELL"},{"product_id":"BTC-USD","trade_id":"892262191","price":"115475.15","size":"0.00085733","time":"2025-10-27T16:44:26.080363Z","side":"SELL"},{"product_id":"BTC-USD","trade_id":"892262190","price":"115475.15","size":"0.00004269","time":"2025-10-27T16:44:25.734223Z","side":"SELL"},{"product_id":"BTC-USD","trade_id":"892262189","price":"115475.15","size":"0.00042078","time":"2025-10-27T16:44:24.77013Z","side":"SELL"},{"product_id":"BTC-USD","trade_id":"892262188","price":"115475.15","size":"0.000204","time":"2025-10-27T16:44:23.984348Z","side":"SELL"},{"product_id":"BTC-USD","trade_id":"892262187","price":"115475.15","size":"0.0000532","time":"2025-10-27T16:44:23.984348Z","side":"SELL"},{"product_id":"BTC-USD","trade_id":"892262186","price":"115474","size":"0.00237352","time":"2025-10-27T16:44:23.444911Z","side":"BUY"},{"product_id":"BTC-USD","trade_id":"892262185","price":"115474","size":"0.00425474","time":"2025-10-27T16:44:23.444911Z","side":"BUY"},{"product_id":"BTC-USD","trade_id":"892262184","price":"115475.07","size":"0.01515478","time":"2025-10-27T16:44:23.444911Z","side":"BUY"},{"product_id":"BTC-USD","trade_id":"892262183","price":"115475.14","size":"0.00008314","time":"2025-10-27T16:44:23.444911Z","side":"BUY"},{"product_id":"BTC-USD","trade_id":"892262182","price":"115475.14","size":"0.00000346","time":"2025-10-27T16:44:23.393257Z","side":"BUY"},{"product_id":"BTC-USD","trade_id":"892262181","price":"115475.15","size":"0.00252466","time":"2025-10-27T16:44:22.943397Z","side":"SELL"},{"product_id":"BTC-USD","trade_id":"892262180","price":"115475.15","size":"0.00603488","time":"2025-10-27T16:44:20.422221Z","side":"SELL"},{"product_id":"BTC-USD","trade_id":"892262179","price":"115474","size":"0.00574526","time":"2025-10-27T16:44:20.412376Z","side":"BUY"},{"product_id":"BTC-USD","trade_id":"892262178","price":"115474.01","size":"0.00174153","time":"2025-10-27T16:44:20.412376Z","side":"BUY"},{"product_id":"BTC-USD","trade_id":"892262177","price":"115475.14","size":"0.00153409","time":"2025-10-27T16:44:20.412376Z","side":"BUY"},{"product_id":"BTC-USD","trade_id":"892262176","price":"115475.14","size":"0.02164118","time":"2025-10-27T16:44:20.412376Z","side":"BUY"},{"product_id":"BTC-USD","trade_id":"892262175","price":"115475.14","size":"0.0000866","time":"2025-10-27T16:44:20.412376Z","side":"BUY"},{"product_id":"BTC-USD","trade_id":"892262174","price":"115475.14","size":"0.01925932","time":"2025-10-27T16:44:20.412376Z","side":"BUY"},{"product_id":"BTC-USD","trade_id":"892262173","price":"115475.15","size":"0.0004929","time":"2025-10-27T16:44:20.361781Z","side":"SELL"},{"product_id":"BTC-USD","trade_id":"892262172","price":"115475.14","size":"0.00673062","time":"2025-10-27T16:44:19.018058Z","side":"BUY"},{"product_id":"BTC-USD","trade_id":"892262171","price":"115475.14","size":"0.0000866","time":"2025-10-27T16:44:19.018058Z","side":"BUY"},{"product_id":"BTC-USD","trade_id":"892262170","price":"115475.14","size":"0.00003276","time":"2025-10-27T16:44:19.018058Z","side":"BUY"},{"product_id":"BTC-USD","trade_id":"892262169","price":"115475.15","size":"0.00000958","time":"2025-10-27T16:44:15.149313Z","side":"SELL"},{"product_id":"BTC-USD","trade_id":"892262168","price":"115475.15","size":"0.00342078","time":"2025-10-27T16:44:15.016843Z","side":"SELL"},{"product_id":"BTC-USD","trade_id":"892262167","price":"115475.15","size":"0.00086605","time":"2025-10-27T16:44:15.016843Z","side":"SELL"},{"product_id":"BTC-USD","trade_id":"892262166","price":"115475.14","size":"0.00015426","time":"2025-10-27T16:44:14.128905Z","side":"BUY"},{"product_id":"BTC-USD","trade_id":"892262165","price":"115475.14","size":"0.00354356","time":"2025-10-27T16:44:11.751098Z","side":"BUY"},{"product_id":"BTC-USD","trade_id":"892262164","price":"115471.51","size":"0.00008661","time":"2025-10-27T16:44:11.459723Z","side":"SELL"},{"product_id":"BTC-USD","trade_id":"892262163","price":"115471.51","size":"0.012536","time":"2025-10-27T16:44:11.459723Z","side":"SELL"},{"product_id":"BTC-USD","trade_id":"892262162","price":"115471.51","size":"0.00000008","time":"2025-10-27T16:44:11.459723Z","side":"SELL"},{"product_id":"BTC-USD","trade_id":"892262161","price":"115471.51","size":"0.00000623","time":"2025-10-27T16:44:11.459723Z","side":"SELL"},{"product_id":"BTC-USD","trade_id":"892262160","price":"115469.54","size":"0.0033926","time":"2025-10-27T16:44:11.266466Z","side":"SELL"},{"product_id":"BTC-USD","trade_id":"892262159","price":"115469.54","size":"0.00086609","time":"2025-10-27T16:44:11.266466Z","side":"SELL"},{"product_id":"BTC-USD","trade_id":"892262158","price":"115469.53","size":"0.00017112","time":"2025-10-27T16:44:10.801152Z","side":"BUY"},{"product_id":"BTC-USD","trade_id":"892262157","price":"115469.53","size":"0.00041988","time":"2025-10-27T16:44:10.587005Z","side":"BUY"},{"product_id":"BTC-USD","trade_id":"892262156","price":"115469.54","size":"0.00003013","time":"2025-10-27T16:44:10.047562Z","side":"SELL"},{"product_id":"BTC-USD","trade_id":"892262155","price":"115469.56","size":"0.00841354","time":"2025-10-27T16:44:09.367624Z","side":"SELL"},{"product_id":"BTC-USD","trade_id":"892262154","price":"115469.56","size":"0.00432465","time":"2025-10-27T16:44:09.362552Z","side":"SELL"},{"product_id":"BTC-USD","trade_id":"892262153","price":"115470.01","size":"0.0001683","time":"2025-10-27T16:44:07.26522Z","side":"SELL"},{"product_id":"BTC-USD","trade_id":"892262152","price":"115470.01","size":"0.00000008","time":"2025-10-27T16:44:07.233706Z","side":"SELL"},{"product_id":"BTC-USD","trade_id":"892262151","price":"115471.46","size":"0.05597595","time":"2025-10-27T16:44:07.044648Z","side":"SELL"},{"product_id":"BTC-USD","trade_id":"892262150","price":"115466.9","size":"0.17320426","time":"2025-10-27T16:44:07.044648Z","side":"SELL"},{"product_id":"BTC-USD","trade_id":"892262149","price":"115466.89","size":"0.10340294","time":"2025-10-27T16:44:07.044648Z","side":"SELL"},{"product_id":"BTC-USD","trade_id":"892262148","price":"115466.88","size":"0.00008661","time":"2025-10-27T16:44:07.044648Z","side":"SELL"},{"product_id":"BTC-USD","trade_id":"892262147","price":"115460.95","size":"0.012535","time":"2025-10-27T16:44:07.044648Z","side":"SELL"},{"product_id":"BTC-USD","trade_id":"892262146","price":"115460.95","size":"0.00086719","time":"2025-10-27T16:44:07.044648Z","side":"SELL"},{"product_id":"BTC-USD","trade_id":"892262145","price":"115460.94","size":"0.00031254","time":"2025-10-27T16:44:06.560602Z","side":"BUY"},{"product_id":"BTC-USD","trade_id":"892262144","price":"115460.94","size":"0.00008661","time":"2025-10-27T16:44:06.560602Z","side":"BUY"},{"product_id":"BTC-USD","trade_id":"892262143","price":"115460.94","size":"0.00001","time":"2025-10-27T16:44:06.560602Z","side":"BUY"},{"product_id":"BTC-USD","trade_id":"892262142","price":"115460.94","size":"0.00000121","time":"2025-10-27T16:44:06.560602Z","side":"BUY"},{"product_id":"BTC-USD","trade_id":"892262141","price":"115460.95","size":"0.00041826","time":"2025-10-27T16:44:05.832364Z","side":"SELL"},{"product_id":"BTC-USD","trade_id":"892262140","price":"115460.95","size":"0.00171471","time":"2025-10-27T16:44:05.452185Z","side":"SELL"},{"product_id":"BTC-USD","trade_id":"892262139","price":"115460.95","size":"0.00020534","time":"2025-10-27T16:44:04.584705Z","side":"SELL"},{"product_id":"BTC-USD","trade_id":"892262138","price":"115460.95","size":"0.00098686","time":"2025-10-27T16:44:04.305816Z","side":"SELL"},{"product_id":"BTC-USD","trade_id":"892262137","price":"115460.95","size":"0.00008574","time":"2025-10-27T16:44:03.395472Z","side":"SELL"},{"product_id":"BTC-USD","trade_id":"892262136","price":"115460.95","size":"0.00004287","time":"2025-10-27T16:44:02.446258Z","side":"SELL"},{"product_id":"BTC-USD","trade_id":"892262135","price":"115466.9","size":"0.0582246","time":"2025-10-27T16:44:02.085695Z","side":"BUY"},{"product_id":"BTC-USD","trade_id":"892262134","price":"115466.91","size":"0.00084158","time":"2025-10-27T16:44:02.082951Z","side":"SELL"},{"product_id":"BTC-USD","trade_id":"892262133","price":"115471.5","size":"0.00007795","time":"2025-10-27T16:44:02.068312Z","side":"BUY"},{"product_id":"BTC-USD","trade_id":"892262132","price":"115471.51","size":"0.00025721","time":"2025-10-27T16:44:01.666375Z","side":"SELL"}]}]}